


@book{allison_kants_1983,
	address = {New Haven},
	title = {Kant's {Transcendental} {Idealism}},
	publisher = {Yale University Press},
	author = {Allison, Henry E.},
	year = {1983},
	keywords = {Kant}
}


@book{baudrillard_simulacra_1994,
	title = {Simulacra and simulation},
	publisher = {University of Michigan press},
	author = {Baudrillard, Jean},
	year = {1994}
}


@incollection{borges_tlon_nodate,
	title = {Tlon, uqbar, orbis tertius},
	booktitle = {Labyrinths},
	author = {Borges, J.},
	keywords = {teaching, fiction, idealism},
	annote = {pdf}
}

